@Article{Smith2013,
  author =       {John Smith and Jane Doe},
  title =        {On the generation of pseudo-random references},
  journaltitle = {Journal of Applied Referencing},
  year =         2013,
  volume =       6,
  number =       2,
  pages =        {216-220},
  url =          {http://www.example.com},
  doi =          {10.1000/1}
}
